date,sales
1/1/2010,801
1/2/2010,810
1/3/2010,818
1/4/2010,796
1/5/2010,808
1/6/2010,812
1/7/2010,830
1/8/2010,812
1/9/2010,817
1/10/2010,832
1/11/2010,834
1/12/2010,826
1/13/2010,822
1/14/2010,811
1/15/2010,836
1/16/2010,841
1/17/2010,818
1/18/2010,827
1/19/2010,822
1/20/2010,817
1/21/2010,834
1/22/2010,825
1/23/2010,821
1/24/2010,840
1/25/2010,812
1/26/2010,835
1/27/2010,833
1/28/2010,833
1/29/2010,833
1/30/2010,840
1/31/2010,826
2/1/2010,835
2/2/2010,822
2/3/2010,833
2/4/2010,835
2/5/2010,843
2/6/2010,833
2/7/2010,839
2/8/2010,839
2/9/2010,855
2/10/2010,840
2/11/2010,849
2/12/2010,845
2/13/2010,861
2/14/2010,853
2/15/2010,844
2/16/2010,842
2/17/2010,846
2/18/2010,843
2/19/2010,843
2/20/2010,849
2/21/2010,858
2/22/2010,870
2/23/2010,855
2/24/2010,837
2/25/2010,856
2/26/2010,846
2/27/2010,853
2/28/2010,860
3/1/2010,848
3/2/2010,861
3/3/2010,848
3/4/2010,868
3/5/2010,861
3/6/2010,846
3/7/2010,868
3/8/2010,850
3/9/2010,879
3/10/2010,876
3/11/2010,846
3/12/2010,864
3/13/2010,860
3/14/2010,867
3/15/2010,867
3/16/2010,871
3/17/2010,872
3/18/2010,857
3/19/2010,872
3/20/2010,860
3/21/2010,873
3/22/2010,866
3/23/2010,875
3/24/2010,874
3/25/2010,870
3/26/2010,864
3/27/2010,854
3/28/2010,883
3/29/2010,862
3/30/2010,866
3/31/2010,875
4/1/2010,852
4/2/2010,873
4/3/2010,850
4/4/2010,854
4/5/2010,863
4/6/2010,871
4/7/2010,848
4/8/2010,880
4/9/2010,883
4/10/2010,877
4/11/2010,877
4/12/2010,873
4/13/2010,863
4/14/2010,855
4/15/2010,844
4/16/2010,864
4/17/2010,864
4/18/2010,857
4/19/2010,866
4/20/2010,865
4/21/2010,867
4/22/2010,862
4/23/2010,862
4/24/2010,852
4/25/2010,864
4/26/2010,865
4/27/2010,865
4/28/2010,841
4/29/2010,875
4/30/2010,861
5/1/2010,854
5/2/2010,876
5/3/2010,855
5/4/2010,872
5/5/2010,850
5/6/2010,858
5/7/2010,843
5/8/2010,849
5/9/2010,843
5/10/2010,857
5/11/2010,859
5/12/2010,866
5/13/2010,872
5/14/2010,860
5/15/2010,874
5/16/2010,867
5/17/2010,857
5/18/2010,842
5/19/2010,834
5/20/2010,843
5/21/2010,843
5/22/2010,832
5/23/2010,846
5/24/2010,828
5/25/2010,840
5/26/2010,836
5/27/2010,859
5/28/2010,845
5/29/2010,838
5/30/2010,860
5/31/2010,818
6/1/2010,847
6/2/2010,829
6/3/2010,831
6/4/2010,849
6/5/2010,850
6/6/2010,819
6/7/2010,840
6/8/2010,846
6/9/2010,831
6/10/2010,840
6/11/2010,827
6/12/2010,837
6/13/2010,832
6/14/2010,833
6/15/2010,821
6/16/2010,838
6/17/2010,829
6/18/2010,812
6/19/2010,807
6/20/2010,813
6/21/2010,807
6/22/2010,821
6/23/2010,833
6/24/2010,824
6/25/2010,821
6/26/2010,809
6/27/2010,823
6/28/2010,811
6/29/2010,830
6/30/2010,797
7/1/2010,812
7/2/2010,811
7/3/2010,791
7/4/2010,811
7/5/2010,816
7/6/2010,814
7/7/2010,812
7/8/2010,801
7/9/2010,813
7/10/2010,808
7/11/2010,796
7/12/2010,798
7/13/2010,807
7/14/2010,810
7/15/2010,797
7/16/2010,811
7/17/2010,794
7/18/2010,802
7/19/2010,804
7/20/2010,799
7/21/2010,795
7/22/2010,806
7/23/2010,802
7/24/2010,807
7/25/2010,791
7/26/2010,801
7/27/2010,797
7/28/2010,804
7/29/2010,788
7/30/2010,756
7/31/2010,776
8/1/2010,803
8/2/2010,791
8/3/2010,786
8/4/2010,788
8/5/2010,773
8/6/2010,783
8/7/2010,783
8/8/2010,777
8/9/2010,795
8/10/2010,782
8/11/2010,775
8/12/2010,777
8/13/2010,777
8/14/2010,783
8/15/2010,773
8/16/2010,774
8/17/2010,764
8/18/2010,789
8/19/2010,779
8/20/2010,767
8/21/2010,785
8/22/2010,765
8/23/2010,766
8/24/2010,794
8/25/2010,770
8/26/2010,763
8/27/2010,783
8/28/2010,761
8/29/2010,768
8/30/2010,782
8/31/2010,779
9/1/2010,764
9/2/2010,779
9/3/2010,782
9/4/2010,751
9/5/2010,761
9/6/2010,755
9/7/2010,767
9/8/2010,755
9/9/2010,769
9/10/2010,759
9/11/2010,774
9/12/2010,749
9/13/2010,768
9/14/2010,771
9/15/2010,766
9/16/2010,762
9/17/2010,797
9/18/2010,774
9/19/2010,754
9/20/2010,775
9/21/2010,763
9/22/2010,756
9/23/2010,766
9/24/2010,774
9/25/2010,775
9/26/2010,764
9/27/2010,782
9/28/2010,762
9/29/2010,774
9/30/2010,763
10/1/2010,776
10/2/2010,775
10/3/2010,776
10/4/2010,757
10/5/2010,753
10/6/2010,773
10/7/2010,770
10/8/2010,761
10/9/2010,765
10/10/2010,771
10/11/2010,777
10/12/2010,769
10/13/2010,773
10/14/2010,766
10/15/2010,779
10/16/2010,770
10/17/2010,771
10/18/2010,757
10/19/2010,762
10/20/2010,767
10/21/2010,753
10/22/2010,764
10/23/2010,768
10/24/2010,773
10/25/2010,766
10/26/2010,759
10/27/2010,752
10/28/2010,766
10/29/2010,778
10/30/2010,758
10/31/2010,765
11/1/2010,772
11/2/2010,766
11/3/2010,768
11/4/2010,769
11/5/2010,771
11/6/2010,778
11/7/2010,777
11/8/2010,777
11/9/2010,779
11/10/2010,783
11/11/2010,769
11/12/2010,782
11/13/2010,780
11/14/2010,771
11/15/2010,773
11/16/2010,771
11/17/2010,791
11/18/2010,786
11/19/2010,805
11/20/2010,800
11/21/2010,764
11/22/2010,797
11/23/2010,777
11/24/2010,770
11/25/2010,778
11/26/2010,800
11/27/2010,785
11/28/2010,788
11/29/2010,797
11/30/2010,801
12/1/2010,783
12/2/2010,795
12/3/2010,794
12/4/2010,792
12/5/2010,802
12/6/2010,783
12/7/2010,785
12/8/2010,792
12/9/2010,808
12/10/2010,799
12/11/2010,789
12/12/2010,811
12/13/2010,799
12/14/2010,805
12/15/2010,790
12/16/2010,808
12/17/2010,813
12/18/2010,816
12/19/2010,819
12/20/2010,803
12/21/2010,811
12/22/2010,805
12/23/2010,808
12/24/2010,803
12/25/2010,812
12/26/2010,799
12/27/2010,831
12/28/2010,801
12/29/2010,823
12/30/2010,828
12/31/2010,822
1/1/2011,833
1/2/2011,800
1/3/2011,820
1/4/2011,807
1/5/2011,811
1/6/2011,820
1/7/2011,807
1/8/2011,828
1/9/2011,833
1/10/2011,807
1/11/2011,823
1/12/2011,844
1/13/2011,823
1/14/2011,832
1/15/2011,847
1/16/2011,827
1/17/2011,846
1/18/2011,852
1/19/2011,829
1/20/2011,846
1/21/2011,852
1/22/2011,829
1/23/2011,842
1/24/2011,853
1/25/2011,849
1/26/2011,822
1/27/2011,842
1/28/2011,845
1/29/2011,858
1/30/2011,832
1/31/2011,839
2/1/2011,842
2/2/2011,852
2/3/2011,841
2/4/2011,862
2/5/2011,864
2/6/2011,864
2/7/2011,870
2/8/2011,859
2/9/2011,856
2/10/2011,856
2/11/2011,870
2/12/2011,868
2/13/2011,851
2/14/2011,857
2/15/2011,851
2/16/2011,880
2/17/2011,863
2/18/2011,859
2/19/2011,859
2/20/2011,880
2/21/2011,850
2/22/2011,867
2/23/2011,873
2/24/2011,865
2/25/2011,876
2/26/2011,866
2/27/2011,874
2/28/2011,872
3/1/2011,866
3/2/2011,860
3/3/2011,863
3/4/2011,867
3/5/2011,879
3/6/2011,862
3/7/2011,889
3/8/2011,873
3/9/2011,866
3/10/2011,874
3/11/2011,875
3/12/2011,874
3/13/2011,879
3/14/2011,853
3/15/2011,876
3/16/2011,851
3/17/2011,868
3/18/2011,885
3/19/2011,862
3/20/2011,875
3/21/2011,868
3/22/2011,857
3/23/2011,873
3/24/2011,876
3/25/2011,859
3/26/2011,868
3/27/2011,853
3/28/2011,876
3/29/2011,875
3/30/2011,886
3/31/2011,858
4/1/2011,865
4/2/2011,892
4/3/2011,884
4/4/2011,889
4/5/2011,878
4/6/2011,880
4/7/2011,865
4/8/2011,888
4/9/2011,871
4/10/2011,859
4/11/2011,890
4/12/2011,876
4/13/2011,877
4/14/2011,866
4/15/2011,881
4/16/2011,878
4/17/2011,857
4/18/2011,860
4/19/2011,878
4/20/2011,865
4/21/2011,882
4/22/2011,876
4/23/2011,872
4/24/2011,862
4/25/2011,857
4/26/2011,876
4/27/2011,874
4/28/2011,869
4/29/2011,869
4/30/2011,862
5/1/2011,868
5/2/2011,859
5/3/2011,868
5/4/2011,872
5/5/2011,861
5/6/2011,851
5/7/2011,883
5/8/2011,856
5/9/2011,878
5/10/2011,856
5/11/2011,853
5/12/2011,881
5/13/2011,883
5/14/2011,850
5/15/2011,875
5/16/2011,870
5/17/2011,851
5/18/2011,862
5/19/2011,844
5/20/2011,842
5/21/2011,853
5/22/2011,860
5/23/2011,873
5/24/2011,865
5/25/2011,860
5/26/2011,856
5/27/2011,854
5/28/2011,848
5/29/2011,858
5/30/2011,827
5/31/2011,840
6/1/2011,846
6/2/2011,850
6/3/2011,845
6/4/2011,844
6/5/2011,857
6/6/2011,846
6/7/2011,845
6/8/2011,842
6/9/2011,839
6/10/2011,841
6/11/2011,844
6/12/2011,856
6/13/2011,844
6/14/2011,828
6/15/2011,838
6/16/2011,835
6/17/2011,823
6/18/2011,815
6/19/2011,839
6/20/2011,842
6/21/2011,842
6/22/2011,831
6/23/2011,841
6/24/2011,835
6/25/2011,837
6/26/2011,829
6/27/2011,806
6/28/2011,813
6/29/2011,813
6/30/2011,826
7/1/2011,807
7/2/2011,812
7/3/2011,832
7/4/2011,812
7/5/2011,822
7/6/2011,825
7/7/2011,808
7/8/2011,799
7/9/2011,818
7/10/2011,824
7/11/2011,817
7/12/2011,798
7/13/2011,816
7/14/2011,810
7/15/2011,821
7/16/2011,819
7/17/2011,806
7/18/2011,787
7/19/2011,792
7/20/2011,817
7/21/2011,804
7/22/2011,810
7/23/2011,804
7/24/2011,811
7/25/2011,815
7/26/2011,796
7/27/2011,796
7/28/2011,798
7/29/2011,782
7/30/2011,815
7/31/2011,799
8/1/2011,798
8/2/2011,799
8/3/2011,809
8/4/2011,794
8/5/2011,790
8/6/2011,786
8/7/2011,792
8/8/2011,786
8/9/2011,794
8/10/2011,783
8/11/2011,797
8/12/2011,776
8/13/2011,788
8/14/2011,795
8/15/2011,780
8/16/2011,780
8/17/2011,782
8/18/2011,787
8/19/2011,774
8/20/2011,803
8/21/2011,796
8/22/2011,780
8/23/2011,792
8/24/2011,781
8/25/2011,776
8/26/2011,794
8/27/2011,767
8/28/2011,789
8/29/2011,775
8/30/2011,775
8/31/2011,795
9/1/2011,774
9/2/2011,765
9/3/2011,809
9/4/2011,781
9/5/2011,782
9/6/2011,781
9/7/2011,766
9/8/2011,780
9/9/2011,770
9/10/2011,787
9/11/2011,780
9/12/2011,784
9/13/2011,775
9/14/2011,775
9/15/2011,773
9/16/2011,768
9/17/2011,790
9/18/2011,773
9/19/2011,787
9/20/2011,778
9/21/2011,780
9/22/2011,756
9/23/2011,761
9/24/2011,783
9/25/2011,773
9/26/2011,778
9/27/2011,776
9/28/2011,765
9/29/2011,779
9/30/2011,761
10/1/2011,772
10/2/2011,778
10/3/2011,771
10/4/2011,771
10/5/2011,778
10/6/2011,784
10/7/2011,757
10/8/2011,779
10/9/2011,770
10/10/2011,783
10/11/2011,774
10/12/2011,776
10/13/2011,761
10/14/2011,762
10/15/2011,763
10/16/2011,754
10/17/2011,759
10/18/2011,783
10/19/2011,774
10/20/2011,786
10/21/2011,786
10/22/2011,783
10/23/2011,760
10/24/2011,784
10/25/2011,785
10/26/2011,791
10/27/2011,772
10/28/2011,772
10/29/2011,783
10/30/2011,778
10/31/2011,791
11/1/2011,752
11/2/2011,774
11/3/2011,802
11/4/2011,793
11/5/2011,794
11/6/2011,783
11/7/2011,771
11/8/2011,802
11/9/2011,798
11/10/2011,783
11/11/2011,775
11/12/2011,781
11/13/2011,777
11/14/2011,783
11/15/2011,770
11/16/2011,800
11/17/2011,803
11/18/2011,783
11/19/2011,802
11/20/2011,779
11/21/2011,770
11/22/2011,821
11/23/2011,796
11/24/2011,805
11/25/2011,801
11/26/2011,804
11/27/2011,799
11/28/2011,797
11/29/2011,798
11/30/2011,797
12/1/2011,800
12/2/2011,792
12/3/2011,796
12/4/2011,812
12/5/2011,800
12/6/2011,796
12/7/2011,803
12/8/2011,810
12/9/2011,799
12/10/2011,823
12/11/2011,820
12/12/2011,800
12/13/2011,824
12/14/2011,803
12/15/2011,807
12/16/2011,819
12/17/2011,805
12/18/2011,809
12/19/2011,813
12/20/2011,796
12/21/2011,830
12/22/2011,820
12/23/2011,817
12/24/2011,824
12/25/2011,813
12/26/2011,825
12/27/2011,804
12/28/2011,820
12/29/2011,824
12/30/2011,806
12/31/2011,824
1/1/2012,829
1/2/2012,833
1/3/2012,836
1/4/2012,832
1/5/2012,832
1/6/2012,834
1/7/2012,819
1/8/2012,824
1/9/2012,825
1/10/2012,844
1/11/2012,839
1/12/2012,845
1/13/2012,847
1/14/2012,848
1/15/2012,842
1/16/2012,853
1/17/2012,843
1/18/2012,839
1/19/2012,850
1/20/2012,834
1/21/2012,839
1/22/2012,864
1/23/2012,848
1/24/2012,849
1/25/2012,841
1/26/2012,860
1/27/2012,868
1/28/2012,852
1/29/2012,850
1/30/2012,854
1/31/2012,865
2/1/2012,857
2/2/2012,862
2/3/2012,853
2/4/2012,851
2/5/2012,854
2/6/2012,859
2/7/2012,857
2/8/2012,835
2/9/2012,867
2/10/2012,847
2/11/2012,854
2/12/2012,871
2/13/2012,879
2/14/2012,878
2/15/2012,866
2/16/2012,878
2/17/2012,866
2/18/2012,856
2/19/2012,855
2/20/2012,861
2/21/2012,863
2/22/2012,866
2/23/2012,859
2/24/2012,871
2/25/2012,881
2/26/2012,857
2/27/2012,891
2/28/2012,865
2/29/2012,873
3/1/2012,886
3/2/2012,874
3/3/2012,871
3/4/2012,882
3/5/2012,870
3/6/2012,869
3/7/2012,866
3/8/2012,884
3/9/2012,886
3/10/2012,895
3/11/2012,883
3/12/2012,878
3/13/2012,876
3/14/2012,878
3/15/2012,881
3/16/2012,885
3/17/2012,870
3/18/2012,876
3/19/2012,875
3/20/2012,881
3/21/2012,883
3/22/2012,856
3/23/2012,885
3/24/2012,875
3/25/2012,884
3/26/2012,876
3/27/2012,883
3/28/2012,887
3/29/2012,884
3/30/2012,859
3/31/2012,884
4/1/2012,884
4/2/2012,876
4/3/2012,882
4/4/2012,885
4/5/2012,863
4/6/2012,885
4/7/2012,879
4/8/2012,883
4/9/2012,882
4/10/2012,896
4/11/2012,880
4/12/2012,873
4/13/2012,866
4/14/2012,877
4/15/2012,861
4/16/2012,869
4/17/2012,877
4/18/2012,867
4/19/2012,880
4/20/2012,861
4/21/2012,880
4/22/2012,891
4/23/2012,880
4/24/2012,869
4/25/2012,867
4/26/2012,879
4/27/2012,887
4/28/2012,861
4/29/2012,876
4/30/2012,874
5/1/2012,866
5/2/2012,886
5/3/2012,871
5/4/2012,874
5/5/2012,859
5/6/2012,866
5/7/2012,865
5/8/2012,874
5/9/2012,855
5/10/2012,863
5/11/2012,847
5/12/2012,869
5/13/2012,855
5/14/2012,874
5/15/2012,875
5/16/2012,860
5/17/2012,865
5/18/2012,867
5/19/2012,877
5/20/2012,870
5/21/2012,860
5/22/2012,851
5/23/2012,862
5/24/2012,858
5/25/2012,873
5/26/2012,856
5/27/2012,856
5/28/2012,862
5/29/2012,854
5/30/2012,832
5/31/2012,858
6/1/2012,855
6/2/2012,845
6/3/2012,868
6/4/2012,856
6/5/2012,845
6/6/2012,853
6/7/2012,856
6/8/2012,835
6/9/2012,844
6/10/2012,861
6/11/2012,837
6/12/2012,852
6/13/2012,847
6/14/2012,846
6/15/2012,845
6/16/2012,839
6/17/2012,845
6/18/2012,827
6/19/2012,825
6/20/2012,858
6/21/2012,845
6/22/2012,820
6/23/2012,827
6/24/2012,839
6/25/2012,843
6/26/2012,840
6/27/2012,813
6/28/2012,836
6/29/2012,835
6/30/2012,831
7/1/2012,823
7/2/2012,815
7/3/2012,827
7/4/2012,831
7/5/2012,820
7/6/2012,827
7/7/2012,823
7/8/2012,819
7/9/2012,805
7/10/2012,813
7/11/2012,827
7/12/2012,806
7/13/2012,820
7/14/2012,835
7/15/2012,807
7/16/2012,807
7/17/2012,813
7/18/2012,813
7/19/2012,810
7/20/2012,815
7/21/2012,806
7/22/2012,825
7/23/2012,828
7/24/2012,814
7/25/2012,808
7/26/2012,819
7/27/2012,800
7/28/2012,784
7/29/2012,815
7/30/2012,805
7/31/2012,808
8/1/2012,800
8/2/2012,792
8/3/2012,807
8/4/2012,810
8/5/2012,797
8/6/2012,802
8/7/2012,795
8/8/2012,813
8/9/2012,802
8/10/2012,796
8/11/2012,803
8/12/2012,791
8/13/2012,784
8/14/2012,812
8/15/2012,807
8/16/2012,792
8/17/2012,799
8/18/2012,796
8/19/2012,799
8/20/2012,783
8/21/2012,775
8/22/2012,814
8/23/2012,785
8/24/2012,781
8/25/2012,782
8/26/2012,784
8/27/2012,773
8/28/2012,774
8/29/2012,782
8/30/2012,783
8/31/2012,788
9/1/2012,793
9/2/2012,777
9/3/2012,765
9/4/2012,788
9/5/2012,792
9/6/2012,783
9/7/2012,786
9/8/2012,788
9/9/2012,789
9/10/2012,778
9/11/2012,774
9/12/2012,783
9/13/2012,775
9/14/2012,785
9/15/2012,782
9/16/2012,788
9/17/2012,773
9/18/2012,776
9/19/2012,784
9/20/2012,781
9/21/2012,778
9/22/2012,794
9/23/2012,767
9/24/2012,791
9/25/2012,772
9/26/2012,761
9/27/2012,779
9/28/2012,767
9/29/2012,768
9/30/2012,795
10/1/2012,780
10/2/2012,778
10/3/2012,780
10/4/2012,771
10/5/2012,782
10/6/2012,764
10/7/2012,759
10/8/2012,766
10/9/2012,788
10/10/2012,768
10/11/2012,764
10/12/2012,781
10/13/2012,791
10/14/2012,791
10/15/2012,772
10/16/2012,791
10/17/2012,790
10/18/2012,772
10/19/2012,789
10/20/2012,799
10/21/2012,801
10/22/2012,790
10/23/2012,775
10/24/2012,791
10/25/2012,800
10/26/2012,780
10/27/2012,784
10/28/2012,768
10/29/2012,784
10/30/2012,794
10/31/2012,774
11/1/2012,786
11/2/2012,756
11/3/2012,807
11/4/2012,792
11/5/2012,780
11/6/2012,785
11/7/2012,779
11/8/2012,784
11/9/2012,770
11/10/2012,795
11/11/2012,805
11/12/2012,806
11/13/2012,784
11/14/2012,804
11/15/2012,781
11/16/2012,788
11/17/2012,797
11/18/2012,795
11/19/2012,782
11/20/2012,798
11/21/2012,809
11/22/2012,812
11/23/2012,795
11/24/2012,793
11/25/2012,797
11/26/2012,798
11/27/2012,799
11/28/2012,804
11/29/2012,792
11/30/2012,793
12/1/2012,813
12/2/2012,797
12/3/2012,806
12/4/2012,808
12/5/2012,807
12/6/2012,815
12/7/2012,807
12/8/2012,801
12/9/2012,810
12/10/2012,793
12/11/2012,808
12/12/2012,835
12/13/2012,814
12/14/2012,835
12/15/2012,813
12/16/2012,807
12/17/2012,808
12/18/2012,830
12/19/2012,829
12/20/2012,836
12/21/2012,827
12/22/2012,827
12/23/2012,834
12/24/2012,824
12/25/2012,824
12/26/2012,831
12/27/2012,834
12/28/2012,852
12/29/2012,836
12/30/2012,831
12/31/2012,830
1/1/2013,841
1/2/2013,838
1/3/2013,840
1/4/2013,822
1/5/2013,846
1/6/2013,841
1/7/2013,826
1/8/2013,830
1/9/2013,859
1/10/2013,836
1/11/2013,847
1/12/2013,857
1/13/2013,813
1/14/2013,847
1/15/2013,837
1/16/2013,846
1/17/2013,849
1/18/2013,847
1/19/2013,852
1/20/2013,843
1/21/2013,861
1/22/2013,838
1/23/2013,836
1/24/2013,839
1/25/2013,866
1/26/2013,850
1/27/2013,839
1/28/2013,850
1/29/2013,862
1/30/2013,865
1/31/2013,857
2/1/2013,869
2/2/2013,864
2/3/2013,863
2/4/2013,861
2/5/2013,856
2/6/2013,863
2/7/2013,859
2/8/2013,850
2/9/2013,877
2/10/2013,870
2/11/2013,882
2/12/2013,860
2/13/2013,861
2/14/2013,878
2/15/2013,869
2/16/2013,878
2/17/2013,877
2/18/2013,877
2/19/2013,851
2/20/2013,888
2/21/2013,872
2/22/2013,864
2/23/2013,882
2/24/2013,882
2/25/2013,874
2/26/2013,855
2/27/2013,868
2/28/2013,880
3/1/2013,875
3/2/2013,862
3/3/2013,884
3/4/2013,873
3/5/2013,860
3/6/2013,889
3/7/2013,882
3/8/2013,883
3/9/2013,869
3/10/2013,877
3/11/2013,886
3/12/2013,878
3/13/2013,882
3/14/2013,885
3/15/2013,879
3/16/2013,882
3/17/2013,910
3/18/2013,891
3/19/2013,877
3/20/2013,881
3/21/2013,876
3/22/2013,870
3/23/2013,902
3/24/2013,868
3/25/2013,874
3/26/2013,895
3/27/2013,891
3/28/2013,897
3/29/2013,891
3/30/2013,890
3/31/2013,888
4/1/2013,891
4/2/2013,901
4/3/2013,900
4/4/2013,887
4/5/2013,877
4/6/2013,878
4/7/2013,894
4/8/2013,880
4/9/2013,900
4/10/2013,888
4/11/2013,885
4/12/2013,866
4/13/2013,874
4/14/2013,888
4/15/2013,871
4/16/2013,885
4/17/2013,874
4/18/2013,887
4/19/2013,890
4/20/2013,862
4/21/2013,867
4/22/2013,895
4/23/2013,863
4/24/2013,879
4/25/2013,878
4/26/2013,880
4/27/2013,856
4/28/2013,892
4/29/2013,885
4/30/2013,887
5/1/2013,882
5/2/2013,869
5/3/2013,886
5/4/2013,896
5/5/2013,869
5/6/2013,877
5/7/2013,867
5/8/2013,868
5/9/2013,878
5/10/2013,878
5/11/2013,845
5/12/2013,885
5/13/2013,868
5/14/2013,866
5/15/2013,865
5/16/2013,889
5/17/2013,871
5/18/2013,873
5/19/2013,866
5/20/2013,874
5/21/2013,858
5/22/2013,867
5/23/2013,875
5/24/2013,886
5/25/2013,852
5/26/2013,877
5/27/2013,840
5/28/2013,843
5/29/2013,845
5/30/2013,853
5/31/2013,861
6/1/2013,859
6/2/2013,854
6/3/2013,848
6/4/2013,864
6/5/2013,861
6/6/2013,851
6/7/2013,856
6/8/2013,863
6/9/2013,869
6/10/2013,842
6/11/2013,852
6/12/2013,851
6/13/2013,837
6/14/2013,841
6/15/2013,851
6/16/2013,851
6/17/2013,847
6/18/2013,843
6/19/2013,836
6/20/2013,845
6/21/2013,821
6/22/2013,855
6/23/2013,843
6/24/2013,840
6/25/2013,843
6/26/2013,840
6/27/2013,809
6/28/2013,838
6/29/2013,825
6/30/2013,821
7/1/2013,830
7/2/2013,833
7/3/2013,828
7/4/2013,831
7/5/2013,821
7/6/2013,818
7/7/2013,823
7/8/2013,828
7/9/2013,830
7/10/2013,829
7/11/2013,829
7/12/2013,813
7/13/2013,814
7/14/2013,810
7/15/2013,815
7/16/2013,814
7/17/2013,807
7/18/2013,816
7/19/2013,807
7/20/2013,796
7/21/2013,812
7/22/2013,809
7/23/2013,812
7/24/2013,802
7/25/2013,814
7/26/2013,813
7/27/2013,810
7/28/2013,800
7/29/2013,802
7/30/2013,812
7/31/2013,810
8/1/2013,807
8/2/2013,802
8/3/2013,803
8/4/2013,809
8/5/2013,787
8/6/2013,816
8/7/2013,791
8/8/2013,789
8/9/2013,794
8/10/2013,804
8/11/2013,793
8/12/2013,789
8/13/2013,804
8/14/2013,789
8/15/2013,797
8/16/2013,796
8/17/2013,804
8/18/2013,815
8/19/2013,787
8/20/2013,768
8/21/2013,812
8/22/2013,783
8/23/2013,794
8/24/2013,786
8/25/2013,775
8/26/2013,782
8/27/2013,785
8/28/2013,791
8/29/2013,792
8/30/2013,789
8/31/2013,785
9/1/2013,777
9/2/2013,770
9/3/2013,791
9/4/2013,777
9/5/2013,785
9/6/2013,781
9/7/2013,777
9/8/2013,783
9/9/2013,786
9/10/2013,793
9/11/2013,784
9/12/2013,785
9/13/2013,792
9/14/2013,782
9/15/2013,783
9/16/2013,762
9/17/2013,780
9/18/2013,759
9/19/2013,780
9/20/2013,774
9/21/2013,782
9/22/2013,785
9/23/2013,783
9/24/2013,780
9/25/2013,776
9/26/2013,803
9/27/2013,778
9/28/2013,776
9/29/2013,768
9/30/2013,774
10/1/2013,785
10/2/2013,786
10/3/2013,769
10/4/2013,779
10/5/2013,758
10/6/2013,776
10/7/2013,759
10/8/2013,780
10/9/2013,779
10/10/2013,779
10/11/2013,787
10/12/2013,762
10/13/2013,787
10/14/2013,778
10/15/2013,786
10/16/2013,771
10/17/2013,786
10/18/2013,770
10/19/2013,779
10/20/2013,796
10/21/2013,768
10/22/2013,787
10/23/2013,772
10/24/2013,782
10/25/2013,770
10/26/2013,773
10/27/2013,790
10/28/2013,783
10/29/2013,781
10/30/2013,773
10/31/2013,791
11/1/2013,787
11/2/2013,785
11/3/2013,778
11/4/2013,772
11/5/2013,785
11/6/2013,782
11/7/2013,768
11/8/2013,800
11/9/2013,790
11/10/2013,774
11/11/2013,802
11/12/2013,788
11/13/2013,779
11/14/2013,787
11/15/2013,793
11/16/2013,796
11/17/2013,783
11/18/2013,801
11/19/2013,791
11/20/2013,790
11/21/2013,794
11/22/2013,794
11/23/2013,804
11/24/2013,809
11/25/2013,805
11/26/2013,806
11/27/2013,803
11/28/2013,796
11/29/2013,806
11/30/2013,821
12/1/2013,809
12/2/2013,814
12/3/2013,812
12/4/2013,808
12/5/2013,825
12/6/2013,830
12/7/2013,791
12/8/2013,814
12/9/2013,813
12/10/2013,821
12/11/2013,816
12/12/2013,810
12/13/2013,816
12/14/2013,797
12/15/2013,816
12/16/2013,808
12/17/2013,805
12/18/2013,827
12/19/2013,802
12/20/2013,809
12/21/2013,830
12/22/2013,809
12/23/2013,827
12/24/2013,816
12/25/2013,826
12/26/2013,821
12/27/2013,826
12/28/2013,825
12/29/2013,820
12/30/2013,851
12/31/2013,825
1/1/2014,834
1/2/2014,827
1/3/2014,840
1/4/2014,849
1/5/2014,835
1/6/2014,834
1/7/2014,839
1/8/2014,843
1/9/2014,839
1/10/2014,858
1/11/2014,830
1/12/2014,843
1/13/2014,846
1/14/2014,849
1/15/2014,840
1/16/2014,842
1/17/2014,848
1/18/2014,834
1/19/2014,836
1/20/2014,846
1/21/2014,853
1/22/2014,849
1/23/2014,851
1/24/2014,844
1/25/2014,842
1/26/2014,855
1/27/2014,864
1/28/2014,866
1/29/2014,847
1/30/2014,868
1/31/2014,868
2/1/2014,867
2/2/2014,847
2/3/2014,845
2/4/2014,874
2/5/2014,846
2/6/2014,853
2/7/2014,880
2/8/2014,870
2/9/2014,873
2/10/2014,887
2/11/2014,863
2/12/2014,881
2/13/2014,867
2/14/2014,890
2/15/2014,844
2/16/2014,875
2/17/2014,855
2/18/2014,877
2/19/2014,854
2/20/2014,868
2/21/2014,869
2/22/2014,856
2/23/2014,854
2/24/2014,867
2/25/2014,870
2/26/2014,872
2/27/2014,858
2/28/2014,873
3/1/2014,893
3/2/2014,871
3/3/2014,867
3/4/2014,889
3/5/2014,881
3/6/2014,865
3/7/2014,870
3/8/2014,890
3/9/2014,860
3/10/2014,884
3/11/2014,875
3/12/2014,887
3/13/2014,888
3/14/2014,885
3/15/2014,881
3/16/2014,897
3/17/2014,866
3/18/2014,881
3/19/2014,876
3/20/2014,873
3/21/2014,890
3/22/2014,884
3/23/2014,886
3/24/2014,893
3/25/2014,876
3/26/2014,892
3/27/2014,875
3/28/2014,885
3/29/2014,899
3/30/2014,881
3/31/2014,874
4/1/2014,895
4/2/2014,864
4/3/2014,893
4/4/2014,888
4/5/2014,858
4/6/2014,882
4/7/2014,887
4/8/2014,880
4/9/2014,877
4/10/2014,899
4/11/2014,903
4/12/2014,884
4/13/2014,891
4/14/2014,866
4/15/2014,902
4/16/2014,881
4/17/2014,881
4/18/2014,894
4/19/2014,896
4/20/2014,885
4/21/2014,891
4/22/2014,870
4/23/2014,867
4/24/2014,863
4/25/2014,872
4/26/2014,866
4/27/2014,877
4/28/2014,880
4/29/2014,883
4/30/2014,862
5/1/2014,875
5/2/2014,859
5/3/2014,870
5/4/2014,881
5/5/2014,894
5/6/2014,862
5/7/2014,878
5/8/2014,874
5/9/2014,884
5/10/2014,880
5/11/2014,870
5/12/2014,875
5/13/2014,867
5/14/2014,869
5/15/2014,864
5/16/2014,861
5/17/2014,873
5/18/2014,860
5/19/2014,887
5/20/2014,871
5/21/2014,860
5/22/2014,871
5/23/2014,876
5/24/2014,853
5/25/2014,858
5/26/2014,861
5/27/2014,870
5/28/2014,859
5/29/2014,842
5/30/2014,849
5/31/2014,849
6/1/2014,854
6/2/2014,863
6/3/2014,865
6/4/2014,858
6/5/2014,848
6/6/2014,847
6/7/2014,847
6/8/2014,861
6/9/2014,845
6/10/2014,844
6/11/2014,850
6/12/2014,868
6/13/2014,843
6/14/2014,870
6/15/2014,858
6/16/2014,850
6/17/2014,840
6/18/2014,860
6/19/2014,847
6/20/2014,840
6/21/2014,843
6/22/2014,840
6/23/2014,834
6/24/2014,827
6/25/2014,829
6/26/2014,826
6/27/2014,823
6/28/2014,838
6/29/2014,849
6/30/2014,837
7/1/2014,836
7/2/2014,828
7/3/2014,841
7/4/2014,835
7/5/2014,825
7/6/2014,820
7/7/2014,828
7/8/2014,804
7/9/2014,830
7/10/2014,838
7/11/2014,829
7/12/2014,821
7/13/2014,816
7/14/2014,827
7/15/2014,814
7/16/2014,824
7/17/2014,838
7/18/2014,816
7/19/2014,804
7/20/2014,818
7/21/2014,814
7/22/2014,817
7/23/2014,812
7/24/2014,812
7/25/2014,813
7/26/2014,776
7/27/2014,813
7/28/2014,800
7/29/2014,819
7/30/2014,818
7/31/2014,821
8/1/2014,810
8/2/2014,780
8/3/2014,807
8/4/2014,803
8/5/2014,820
8/6/2014,813
8/7/2014,814
8/8/2014,800
8/9/2014,796
8/10/2014,791
8/11/2014,788
8/12/2014,787
8/13/2014,801
8/14/2014,807
8/15/2014,791
8/16/2014,792
8/17/2014,798
8/18/2014,792
8/19/2014,793
8/20/2014,799
8/21/2014,780
8/22/2014,777
8/23/2014,788
8/24/2014,797
8/25/2014,784
8/26/2014,782
8/27/2014,781
8/28/2014,783
8/29/2014,794
8/30/2014,784
8/31/2014,779
9/1/2014,786
9/2/2014,797
9/3/2014,778
9/4/2014,782
9/5/2014,786
9/6/2014,789
9/7/2014,795
9/8/2014,779
9/9/2014,776
9/10/2014,786
9/11/2014,789
9/12/2014,785
9/13/2014,757
9/14/2014,797
9/15/2014,783
9/16/2014,768
9/17/2014,780
9/18/2014,774
9/19/2014,792
9/20/2014,769
9/21/2014,766
9/22/2014,787
9/23/2014,780
9/24/2014,773
9/25/2014,770
9/26/2014,765
9/27/2014,800
9/28/2014,790
9/29/2014,775
9/30/2014,777
10/1/2014,786
10/2/2014,787
10/3/2014,783
10/4/2014,758
10/5/2014,779
10/6/2014,789
10/7/2014,796
10/8/2014,779
10/9/2014,787
10/10/2014,777
10/11/2014,796
10/12/2014,777
10/13/2014,782
10/14/2014,789
10/15/2014,774
10/16/2014,798
10/17/2014,784
10/18/2014,785
10/19/2014,790
10/20/2014,770
10/21/2014,779
10/22/2014,790
10/23/2014,783
10/24/2014,790
10/25/2014,780
10/26/2014,806
10/27/2014,783
10/28/2014,786
10/29/2014,796
10/30/2014,792
10/31/2014,774
11/1/2014,750
11/2/2014,793
11/3/2014,794
11/4/2014,777
11/5/2014,788
11/6/2014,799
11/7/2014,771
11/8/2014,782
11/9/2014,799
11/10/2014,789
11/11/2014,790
11/12/2014,773
11/13/2014,784
11/14/2014,780
11/15/2014,808
11/16/2014,798
11/17/2014,791
11/18/2014,787
11/19/2014,800
11/20/2014,785
11/21/2014,807
11/22/2014,801
11/23/2014,793
11/24/2014,783
11/25/2014,799
11/26/2014,785
11/27/2014,806
11/28/2014,798
11/29/2014,807
11/30/2014,801
12/1/2014,804
12/2/2014,809
12/3/2014,799
12/4/2014,797
12/5/2014,800
12/6/2014,817
12/7/2014,804
12/8/2014,786
12/9/2014,804
12/10/2014,799
12/11/2014,805
12/12/2014,800
12/13/2014,811
12/14/2014,807
12/15/2014,812
12/16/2014,823
12/17/2014,823
12/18/2014,817
12/19/2014,820
12/20/2014,837
12/21/2014,817
12/22/2014,825
12/23/2014,813
12/24/2014,823
12/25/2014,819
12/26/2014,821
12/27/2014,813
12/28/2014,812
12/29/2014,842
12/30/2014,828
12/31/2014,836
1/1/2015,838
1/2/2015,831
1/3/2015,814
1/4/2015,828
1/5/2015,830
1/6/2015,852
1/7/2015,832
1/8/2015,848
1/9/2015,839
1/10/2015,858
1/11/2015,852
1/12/2015,827
1/13/2015,844
1/14/2015,844
1/15/2015,838
1/16/2015,851
1/17/2015,852
1/18/2015,845
1/19/2015,843
1/20/2015,842
1/21/2015,843
1/22/2015,837
1/23/2015,841
1/24/2015,850
1/25/2015,855
1/26/2015,851
1/27/2015,854
1/28/2015,849
1/29/2015,868
1/30/2015,853
1/31/2015,862
2/1/2015,849
2/2/2015,857
2/3/2015,858
2/4/2015,861
2/5/2015,881
2/6/2015,860
2/7/2015,858
2/8/2015,866
2/9/2015,872
2/10/2015,874
2/11/2015,886
2/12/2015,880
2/13/2015,868
2/14/2015,858
2/15/2015,877
2/16/2015,865
2/17/2015,876
2/18/2015,852
2/19/2015,880
2/20/2015,869
2/21/2015,868
2/22/2015,870
2/23/2015,867
2/24/2015,888
2/25/2015,870
2/26/2015,875
2/27/2015,873
2/28/2015,875
3/1/2015,877
3/2/2015,875
3/3/2015,868
3/4/2015,882
3/5/2015,882
3/6/2015,877
3/7/2015,873
3/8/2015,878
3/9/2015,864
3/10/2015,887
3/11/2015,878
3/12/2015,871
3/13/2015,876
3/14/2015,880
3/15/2015,886
3/16/2015,909
3/17/2015,878
3/18/2015,895
3/19/2015,898
3/20/2015,885
3/21/2015,879
3/22/2015,890
3/23/2015,898
3/24/2015,891
3/25/2015,898
3/26/2015,872
3/27/2015,901
3/28/2015,880
3/29/2015,874
3/30/2015,889
3/31/2015,892
4/1/2015,887
4/2/2015,891
4/3/2015,875
4/4/2015,887
4/5/2015,884
4/6/2015,876
4/7/2015,878
4/8/2015,872
4/9/2015,874
4/10/2015,890
4/11/2015,891
4/12/2015,870
4/13/2015,888
4/14/2015,903
4/15/2015,886
4/16/2015,863
4/17/2015,881
4/18/2015,870
4/19/2015,869
4/20/2015,879
4/21/2015,891
4/22/2015,885
4/23/2015,878
4/24/2015,881
4/25/2015,863
4/26/2015,894
4/27/2015,888
4/28/2015,888
4/29/2015,879
4/30/2015,889
5/1/2015,874
5/2/2015,879
5/3/2015,867
5/4/2015,861
5/5/2015,875
5/6/2015,874
5/7/2015,874
5/8/2015,882
5/9/2015,874
5/10/2015,861
5/11/2015,871
5/12/2015,866
5/13/2015,881
5/14/2015,865
5/15/2015,878
5/16/2015,844
5/17/2015,888
5/18/2015,862
5/19/2015,872
5/20/2015,866
5/21/2015,845
5/22/2015,848
5/23/2015,857
5/24/2015,851
5/25/2015,839
5/26/2015,861
5/27/2015,852
5/28/2015,855
5/29/2015,848
5/30/2015,853
5/31/2015,872
6/1/2015,862
6/2/2015,864
6/3/2015,856
6/4/2015,861
6/5/2015,847
6/6/2015,862
6/7/2015,840
6/8/2015,834
6/9/2015,841
6/10/2015,847
6/11/2015,839
6/12/2015,847
6/13/2015,828
6/14/2015,841
6/15/2015,849
6/16/2015,839
6/17/2015,836
6/18/2015,847
6/19/2015,853
6/20/2015,845
6/21/2015,837
6/22/2015,840
6/23/2015,849
6/24/2015,847
6/25/2015,836
6/26/2015,846
6/27/2015,839
6/28/2015,832
6/29/2015,835
6/30/2015,845
7/1/2015,840
7/2/2015,825
7/3/2015,819
7/4/2015,826
7/5/2015,837
7/6/2015,824
7/7/2015,822
7/8/2015,824
7/9/2015,827
7/10/2015,834
7/11/2015,847
7/12/2015,819
7/13/2015,826
7/14/2015,824
7/15/2015,838
7/16/2015,810
7/17/2015,818
7/18/2015,830
7/19/2015,811
7/20/2015,802
7/21/2015,815
7/22/2015,807
7/23/2015,825
7/24/2015,792
7/25/2015,812
7/26/2015,789
7/27/2015,818
7/28/2015,798
7/29/2015,801
7/30/2015,807
7/31/2015,797
8/1/2015,792
8/2/2015,803
8/3/2015,823
8/4/2015,782
8/5/2015,806
8/6/2015,787
8/7/2015,817
8/8/2015,803
8/9/2015,786
8/10/2015,809
8/11/2015,790
8/12/2015,798
8/13/2015,768
8/14/2015,791
8/15/2015,807
8/16/2015,805
8/17/2015,773
8/18/2015,802
8/19/2015,803
8/20/2015,790
8/21/2015,789
8/22/2015,793
8/23/2015,785
8/24/2015,782
8/25/2015,793
8/26/2015,803
8/27/2015,791
8/28/2015,777
8/29/2015,765
8/30/2015,773
8/31/2015,809
9/1/2015,765
9/2/2015,776
9/3/2015,796
9/4/2015,787
9/5/2015,794
9/6/2015,790
9/7/2015,784
9/8/2015,782
9/9/2015,770
9/10/2015,780
9/11/2015,788
9/12/2015,795
9/13/2015,790
9/14/2015,801
9/15/2015,784
9/16/2015,764
9/17/2015,765
9/18/2015,784
9/19/2015,747
9/20/2015,759
9/21/2015,791
9/22/2015,776
9/23/2015,794
9/24/2015,776
9/25/2015,778
9/26/2015,764
9/27/2015,772
9/28/2015,781
9/29/2015,800
9/30/2015,770
10/1/2015,783
10/2/2015,770
10/3/2015,756
10/4/2015,772
10/5/2015,775
10/6/2015,767
10/7/2015,771
10/8/2015,780
10/9/2015,786
10/10/2015,772
10/11/2015,766
10/12/2015,784
10/13/2015,770
10/14/2015,773
10/15/2015,777
10/16/2015,768
10/17/2015,786
10/18/2015,778
10/19/2015,768
10/20/2015,778
10/21/2015,790
10/22/2015,804
10/23/2015,785
10/24/2015,768
10/25/2015,769
10/26/2015,774
10/27/2015,764
10/28/2015,784
10/29/2015,787
10/30/2015,780
10/31/2015,778
11/1/2015,776
11/2/2015,770
11/3/2015,778
11/4/2015,793
11/5/2015,779
11/6/2015,779
11/7/2015,784
11/8/2015,777
11/9/2015,790
11/10/2015,798
11/11/2015,787
11/12/2015,804
11/13/2015,777
11/14/2015,780
11/15/2015,792
11/16/2015,802
11/17/2015,798
11/18/2015,797
11/19/2015,791
11/20/2015,803
11/21/2015,800
11/22/2015,793
11/23/2015,791
11/24/2015,805
11/25/2015,804
11/26/2015,778
11/27/2015,785
11/28/2015,797
11/29/2015,808
11/30/2015,802
12/1/2015,808
12/2/2015,797
12/3/2015,801
12/4/2015,818
12/5/2015,796
12/6/2015,800
12/7/2015,805
12/8/2015,820
12/9/2015,789
12/10/2015,813
12/11/2015,810
12/12/2015,796
12/13/2015,813
12/14/2015,828
12/15/2015,820
12/16/2015,829
12/17/2015,807
12/18/2015,823
12/19/2015,818
12/20/2015,813
12/21/2015,833
12/22/2015,819
12/23/2015,821
12/24/2015,814
12/25/2015,813
12/26/2015,823
12/27/2015,813
12/28/2015,831
12/29/2015,836
12/30/2015,825
12/31/2015,835
1/1/2016,834
1/2/2016,833
1/3/2016,842
1/4/2016,822
1/5/2016,819
1/6/2016,828
1/7/2016,835
1/8/2016,839
1/9/2016,835
1/10/2016,830
1/11/2016,856
1/12/2016,838
1/13/2016,841
1/14/2016,850
1/15/2016,833
1/16/2016,855
1/17/2016,843
1/18/2016,840
1/19/2016,836
1/20/2016,857
1/21/2016,852
1/22/2016,853
1/23/2016,844
1/24/2016,840
1/25/2016,846
1/26/2016,860
1/27/2016,842
1/28/2016,841
1/29/2016,856
1/30/2016,848
1/31/2016,873
2/1/2016,845
2/2/2016,863
2/3/2016,857
2/4/2016,862
2/5/2016,850
2/6/2016,868
2/7/2016,877
2/8/2016,857
2/9/2016,882
2/10/2016,870
2/11/2016,863
2/12/2016,862
2/13/2016,865
2/14/2016,880
2/15/2016,863
2/16/2016,872
2/17/2016,870
2/18/2016,865
2/19/2016,847
2/20/2016,860
2/21/2016,869
2/22/2016,880
2/23/2016,864
2/24/2016,862
2/25/2016,877
2/26/2016,878
2/27/2016,858
2/28/2016,866
2/29/2016,871
3/1/2016,873
3/2/2016,847
3/3/2016,885
3/4/2016,872
3/5/2016,887
3/6/2016,882
3/7/2016,890
3/8/2016,886
3/9/2016,865
3/10/2016,879
3/11/2016,882
3/12/2016,893
3/13/2016,883
3/14/2016,877
3/15/2016,880
3/16/2016,885
3/17/2016,877
3/18/2016,879
3/19/2016,884
3/20/2016,882
3/21/2016,881
3/22/2016,871
3/23/2016,891
3/24/2016,886
3/25/2016,890
3/26/2016,878
3/27/2016,879
3/28/2016,878
3/29/2016,883
3/30/2016,892
3/31/2016,878
4/1/2016,884
4/2/2016,878
4/3/2016,892
4/4/2016,877
4/5/2016,895
4/6/2016,878
4/7/2016,880
4/8/2016,880
4/9/2016,864
4/10/2016,880
4/11/2016,895
4/12/2016,882
4/13/2016,886
4/14/2016,881
4/15/2016,877
4/16/2016,870
4/17/2016,888
4/18/2016,881
4/19/2016,900
4/20/2016,872
4/21/2016,881
4/22/2016,861
4/23/2016,876
4/24/2016,874
4/25/2016,884
4/26/2016,879
4/27/2016,884
4/28/2016,887
4/29/2016,871
4/30/2016,868
5/1/2016,892
5/2/2016,888
5/3/2016,881
5/4/2016,878
5/5/2016,877
5/6/2016,876
5/7/2016,868
5/8/2016,863
5/9/2016,874
5/10/2016,855
5/11/2016,879
5/12/2016,852
5/13/2016,862
5/14/2016,868
5/15/2016,860
5/16/2016,868
5/17/2016,871
5/18/2016,867
5/19/2016,865
5/20/2016,880
5/21/2016,855
5/22/2016,867
5/23/2016,864
5/24/2016,862
5/25/2016,871
5/26/2016,856
5/27/2016,861
5/28/2016,853
5/29/2016,854
5/30/2016,844
5/31/2016,861
6/1/2016,854
6/2/2016,852
6/3/2016,862
6/4/2016,871
6/5/2016,862
6/6/2016,847
6/7/2016,842
6/8/2016,841
6/9/2016,839
6/10/2016,875
6/11/2016,835
6/12/2016,844
6/13/2016,829
6/14/2016,845
6/15/2016,859
6/16/2016,836
6/17/2016,858
6/18/2016,824
6/19/2016,835
6/20/2016,855
6/21/2016,830
6/22/2016,835
6/23/2016,844
6/24/2016,841
6/25/2016,845
6/26/2016,827
6/27/2016,846
6/28/2016,838
6/29/2016,847
6/30/2016,825
7/1/2016,821
7/2/2016,826
7/3/2016,808
7/4/2016,848
7/5/2016,831
7/6/2016,822
7/7/2016,820
7/8/2016,822
7/9/2016,810
7/10/2016,802
7/11/2016,824
7/12/2016,824
7/13/2016,824
7/14/2016,814
7/15/2016,809
7/16/2016,803
7/17/2016,820
7/18/2016,817
7/19/2016,826
7/20/2016,813
7/21/2016,818
7/22/2016,822
7/23/2016,818
7/24/2016,802
7/25/2016,800
7/26/2016,824
7/27/2016,801
7/28/2016,814
7/29/2016,831
7/30/2016,795
7/31/2016,807
8/1/2016,804
8/2/2016,797
8/3/2016,794
8/4/2016,791
8/5/2016,808
8/6/2016,795
8/7/2016,807
8/8/2016,809
8/9/2016,801
8/10/2016,801
8/11/2016,793
8/12/2016,812
8/13/2016,812
8/14/2016,787
8/15/2016,782
8/16/2016,786
8/17/2016,791
8/18/2016,789
8/19/2016,788
8/20/2016,803
8/21/2016,782
8/22/2016,785
8/23/2016,792
8/24/2016,796
8/25/2016,799
8/26/2016,781
8/27/2016,790
8/28/2016,787
8/29/2016,783
8/30/2016,783
8/31/2016,789
9/1/2016,785
9/2/2016,784
9/3/2016,795
9/4/2016,802
9/5/2016,765
9/6/2016,789
9/7/2016,768
9/8/2016,788
9/9/2016,777
9/10/2016,768
9/11/2016,788
9/12/2016,795
9/13/2016,781
9/14/2016,783
9/15/2016,778
9/16/2016,777
9/17/2016,790
9/18/2016,781
9/19/2016,776
9/20/2016,787
9/21/2016,792
9/22/2016,781
9/23/2016,786
9/24/2016,761
9/25/2016,776
9/26/2016,764
9/27/2016,776
9/28/2016,765
9/29/2016,765
9/30/2016,757
10/1/2016,771
10/2/2016,773
10/3/2016,768
10/4/2016,770
10/5/2016,787
10/6/2016,788
10/7/2016,769
10/8/2016,779
10/9/2016,770
10/10/2016,780
10/11/2016,784
10/12/2016,765
10/13/2016,781
10/14/2016,782
10/15/2016,790
10/16/2016,798
10/17/2016,790
10/18/2016,783
10/19/2016,793
10/20/2016,776
10/21/2016,768
10/22/2016,791
10/23/2016,788
10/24/2016,799
10/25/2016,778
10/26/2016,767
10/27/2016,775
10/28/2016,787
10/29/2016,764
10/30/2016,769
10/31/2016,799
11/1/2016,813
11/2/2016,799
11/3/2016,780
11/4/2016,796
11/5/2016,785
11/6/2016,780
11/7/2016,783
11/8/2016,804
11/9/2016,783
11/10/2016,782
11/11/2016,783
11/12/2016,804
11/13/2016,787
11/14/2016,805
11/15/2016,816
11/16/2016,800
11/17/2016,802
11/18/2016,795
11/19/2016,784
11/20/2016,801
11/21/2016,797
11/22/2016,785
11/23/2016,790
11/24/2016,811
11/25/2016,791
11/26/2016,805
11/27/2016,799
11/28/2016,807
11/29/2016,805
11/30/2016,802
12/1/2016,776
12/2/2016,809
12/3/2016,816
12/4/2016,807
12/5/2016,824
12/6/2016,823
12/7/2016,819
12/8/2016,809
12/9/2016,804
12/10/2016,811
12/11/2016,807
12/12/2016,822
12/13/2016,814
12/14/2016,834
12/15/2016,823
12/16/2016,816
12/17/2016,828
12/18/2016,806
12/19/2016,811
12/20/2016,820
12/21/2016,829
12/22/2016,811
12/23/2016,833
12/24/2016,825
12/25/2016,817
12/26/2016,829
12/27/2016,835
12/28/2016,836
12/29/2016,820
12/30/2016,823
12/31/2016,842
1/1/2017,850
1/2/2017,839
1/3/2017,838
1/4/2017,835
1/5/2017,835
1/6/2017,822
1/7/2017,832
1/8/2017,824
1/9/2017,849
1/10/2017,839
1/11/2017,832
1/12/2017,862
1/13/2017,854
1/14/2017,832
1/15/2017,855
1/16/2017,845
1/17/2017,844
1/18/2017,856
1/19/2017,832
1/20/2017,853
1/21/2017,845
1/22/2017,861
1/23/2017,836
1/24/2017,844
1/25/2017,852
1/26/2017,834
1/27/2017,845
1/28/2017,842
1/29/2017,854
1/30/2017,857
1/31/2017,874
2/1/2017,854
2/2/2017,851
2/3/2017,849
2/4/2017,868
2/5/2017,858
2/6/2017,866
2/7/2017,849
2/8/2017,876
2/9/2017,858
2/10/2017,864
2/11/2017,870
2/12/2017,862
2/13/2017,870
2/14/2017,876
2/15/2017,848
2/16/2017,878
2/17/2017,857
2/18/2017,888
2/19/2017,875
2/20/2017,878
2/21/2017,852
2/22/2017,879
2/23/2017,879
2/24/2017,878
2/25/2017,892
2/26/2017,869
2/27/2017,878
2/28/2017,888
3/1/2017,876
3/2/2017,883
3/3/2017,879
3/4/2017,873
3/5/2017,876
3/6/2017,871
3/7/2017,882
3/8/2017,873
3/9/2017,889
3/10/2017,894
3/11/2017,882
3/12/2017,881
3/13/2017,896
3/14/2017,882
3/15/2017,887
3/16/2017,873
3/17/2017,872
3/18/2017,878
3/19/2017,899
3/20/2017,880
3/21/2017,883
3/22/2017,892
3/23/2017,880
3/24/2017,890
3/25/2017,891
3/26/2017,881
3/27/2017,865
3/28/2017,882
3/29/2017,893
3/30/2017,890
3/31/2017,867
4/1/2017,886
4/2/2017,888
4/3/2017,882
4/4/2017,888
4/5/2017,886
4/6/2017,874
4/7/2017,886
4/8/2017,884
4/9/2017,869
4/10/2017,872
4/11/2017,904
4/12/2017,886
4/13/2017,900
4/14/2017,888
4/15/2017,893
4/16/2017,879
4/17/2017,877
4/18/2017,873
4/19/2017,876
4/20/2017,894
4/21/2017,869
4/22/2017,891
4/23/2017,875
4/24/2017,871
4/25/2017,880
4/26/2017,890
4/27/2017,873
4/28/2017,868
4/29/2017,883
4/30/2017,864
5/1/2017,883
5/2/2017,876
5/3/2017,878
5/4/2017,860
5/5/2017,860
5/6/2017,868
5/7/2017,876
5/8/2017,891
5/9/2017,873
5/10/2017,887
5/11/2017,867
5/12/2017,840
5/13/2017,872
5/14/2017,870
5/15/2017,863
5/16/2017,864
5/17/2017,877
5/18/2017,863
5/19/2017,864
5/20/2017,882
5/21/2017,859
5/22/2017,877
5/23/2017,860
5/24/2017,852
5/25/2017,871
5/26/2017,854
5/27/2017,867
5/28/2017,872
5/29/2017,850
5/30/2017,884
5/31/2017,855
6/1/2017,847
6/2/2017,879
6/3/2017,863
6/4/2017,861
6/5/2017,855
6/6/2017,856
6/7/2017,851
6/8/2017,851
6/9/2017,855
6/10/2017,858
6/11/2017,843
6/12/2017,852
6/13/2017,849
6/14/2017,856
6/15/2017,849
6/16/2017,838
6/17/2017,862
6/18/2017,842
6/19/2017,856
6/20/2017,848
6/21/2017,859
6/22/2017,845
6/23/2017,834
6/24/2017,832
6/25/2017,841
6/26/2017,818
6/27/2017,844
6/28/2017,813
6/29/2017,823
6/30/2017,847
7/1/2017,829
7/2/2017,830
7/3/2017,828
7/4/2017,839
7/5/2017,843
7/6/2017,816
7/7/2017,830
7/8/2017,822
7/9/2017,829
7/10/2017,828
7/11/2017,820
7/12/2017,809
7/13/2017,812
7/14/2017,812
7/15/2017,808
7/16/2017,832
7/17/2017,808
7/18/2017,811
7/19/2017,806
7/20/2017,818
7/21/2017,816
7/22/2017,805
7/23/2017,816
7/24/2017,835
7/25/2017,819
7/26/2017,821
7/27/2017,805
7/28/2017,813
7/29/2017,822
7/30/2017,812
7/31/2017,799
8/1/2017,804
8/2/2017,810
8/3/2017,814
8/4/2017,789
8/5/2017,797
8/6/2017,799
8/7/2017,807
8/8/2017,811
8/9/2017,791
8/10/2017,803
8/11/2017,808
8/12/2017,795
8/13/2017,791
8/14/2017,790
8/15/2017,803
8/16/2017,808
8/17/2017,815
8/18/2017,804
8/19/2017,796
8/20/2017,783
8/21/2017,785
8/22/2017,781
8/23/2017,782
8/24/2017,789
8/25/2017,774
8/26/2017,786
8/27/2017,786
8/28/2017,806
8/29/2017,803
8/30/2017,784
8/31/2017,809
9/1/2017,790
9/2/2017,803
9/3/2017,791
9/4/2017,784
9/5/2017,778
9/6/2017,780
9/7/2017,778
9/8/2017,784
9/9/2017,769
9/10/2017,777
9/11/2017,784
9/12/2017,772
9/13/2017,792
9/14/2017,782
9/15/2017,781
9/16/2017,782
9/17/2017,781
9/18/2017,789
9/19/2017,772
9/20/2017,784
9/21/2017,770
9/22/2017,778
9/23/2017,766
9/24/2017,777
9/25/2017,788
9/26/2017,775
9/27/2017,800
9/28/2017,778
9/29/2017,773
9/30/2017,778
10/1/2017,783
10/2/2017,791
10/3/2017,776
10/4/2017,796
10/5/2017,784
10/6/2017,778
10/7/2017,759
10/8/2017,772
10/9/2017,780
10/10/2017,791
10/11/2017,759
10/12/2017,779
10/13/2017,787
10/14/2017,792
10/15/2017,767
10/16/2017,769
10/17/2017,784
10/18/2017,783
10/19/2017,772
10/20/2017,791
10/21/2017,791
10/22/2017,784
10/23/2017,788
10/24/2017,790
10/25/2017,796
10/26/2017,785
10/27/2017,802
10/28/2017,784
10/29/2017,778
10/30/2017,773
10/31/2017,792
11/1/2017,795
11/2/2017,791
11/3/2017,784
11/4/2017,797
11/5/2017,779
11/6/2017,790
11/7/2017,786
11/8/2017,810
11/9/2017,796
11/10/2017,807
11/11/2017,793
11/12/2017,791
11/13/2017,801
11/14/2017,806
11/15/2017,812
11/16/2017,809
11/17/2017,814
11/18/2017,810
11/19/2017,805
11/20/2017,823
11/21/2017,794
11/22/2017,815
11/23/2017,778
11/24/2017,797
11/25/2017,797
11/26/2017,794
11/27/2017,804
11/28/2017,802
11/29/2017,799
11/30/2017,806
12/1/2017,801
12/2/2017,801
12/3/2017,803
12/4/2017,799
12/5/2017,816
12/6/2017,806
12/7/2017,805
12/8/2017,811
12/9/2017,802
12/10/2017,819
12/11/2017,834
12/12/2017,811
12/13/2017,813
12/14/2017,831
12/15/2017,818
12/16/2017,820
12/17/2017,817
12/18/2017,828
12/19/2017,812
12/20/2017,835
12/21/2017,835
12/22/2017,829
12/23/2017,836
12/24/2017,823
12/25/2017,828
12/26/2017,837
12/27/2017,829
12/28/2017,839
12/29/2017,828
12/30/2017,844
12/31/2017,836
1/1/2018,845
1/2/2018,828
1/3/2018,832
1/4/2018,859
1/5/2018,843
1/6/2018,833
1/7/2018,846
1/8/2018,818
1/9/2018,857
1/10/2018,847
1/11/2018,831
1/12/2018,849
1/13/2018,829
1/14/2018,848
1/15/2018,849
1/16/2018,861
1/17/2018,835
1/18/2018,855
1/19/2018,843
1/20/2018,868
1/21/2018,838
1/22/2018,860
1/23/2018,853
1/24/2018,851
1/25/2018,865
1/26/2018,856
1/27/2018,875
1/28/2018,858
1/29/2018,873
1/30/2018,866
1/31/2018,858
2/1/2018,862
2/2/2018,863
2/3/2018,878
2/4/2018,866
2/5/2018,856
2/6/2018,872
2/7/2018,873
2/8/2018,865
2/9/2018,863
2/10/2018,850
2/11/2018,865
2/12/2018,870
2/13/2018,876
2/14/2018,892
2/15/2018,862
2/16/2018,883
2/17/2018,862
2/18/2018,871
2/19/2018,894
2/20/2018,867
2/21/2018,879
2/22/2018,882
2/23/2018,853
2/24/2018,886
2/25/2018,879
2/26/2018,870
2/27/2018,884
2/28/2018,870
3/1/2018,874
3/2/2018,866
3/3/2018,884
3/4/2018,881
3/5/2018,889
3/6/2018,890
3/7/2018,885
3/8/2018,878
3/9/2018,880
3/10/2018,882
3/11/2018,879
3/12/2018,893
3/13/2018,921
3/14/2018,888
3/15/2018,887
3/16/2018,872
3/17/2018,885
3/18/2018,897
3/19/2018,888
3/20/2018,898
3/21/2018,871
3/22/2018,883
3/23/2018,886
3/24/2018,883
3/25/2018,903
3/26/2018,895
3/27/2018,906
3/28/2018,892
3/29/2018,892
3/30/2018,878
3/31/2018,887
4/1/2018,893
4/2/2018,897
4/3/2018,882
4/4/2018,884
4/5/2018,897
4/6/2018,901
4/7/2018,875
4/8/2018,906
4/9/2018,876
4/10/2018,905
4/11/2018,889
4/12/2018,904
4/13/2018,904
4/14/2018,884
4/15/2018,888
4/16/2018,885
4/17/2018,887
4/18/2018,900
4/19/2018,886
4/20/2018,904
4/21/2018,896
4/22/2018,880
4/23/2018,879
4/24/2018,889
4/25/2018,883
4/26/2018,890
4/27/2018,868
4/28/2018,871
4/29/2018,872
4/30/2018,894
5/1/2018,867
5/2/2018,894
5/3/2018,875
5/4/2018,879
5/5/2018,875
5/6/2018,891
5/7/2018,897
5/8/2018,879
5/9/2018,870
5/10/2018,889
5/11/2018,864
5/12/2018,881
5/13/2018,869
5/14/2018,859
5/15/2018,874
5/16/2018,869
5/17/2018,881
5/18/2018,874
5/19/2018,885
5/20/2018,863
5/21/2018,873
5/22/2018,869
5/23/2018,864
5/24/2018,890
5/25/2018,871
5/26/2018,881
5/27/2018,868
5/28/2018,864
5/29/2018,866
5/30/2018,858
5/31/2018,864
6/1/2018,860
6/2/2018,869
6/3/2018,852
6/4/2018,843
6/5/2018,850
6/6/2018,879
6/7/2018,855
6/8/2018,866
6/9/2018,876
6/10/2018,856
6/11/2018,837
6/12/2018,861
6/13/2018,857
6/14/2018,842
6/15/2018,840
6/16/2018,853
6/17/2018,846
6/18/2018,854
6/19/2018,848
6/20/2018,865
6/21/2018,848
6/22/2018,853
6/23/2018,837
6/24/2018,845
6/25/2018,834
6/26/2018,844
6/27/2018,840
6/28/2018,829
6/29/2018,849
6/30/2018,819
7/1/2018,834
7/2/2018,838
7/3/2018,836
7/4/2018,831
7/5/2018,834
7/6/2018,828
7/7/2018,826
7/8/2018,827
7/9/2018,822
7/10/2018,829
7/11/2018,822
7/12/2018,810
7/13/2018,817
7/14/2018,817
7/15/2018,816
7/16/2018,828
7/17/2018,821
7/18/2018,823
7/19/2018,815
7/20/2018,820
7/21/2018,841
7/22/2018,829
7/23/2018,823
7/24/2018,829
7/25/2018,815
7/26/2018,823
7/27/2018,817
7/28/2018,799
7/29/2018,817
7/30/2018,819
7/31/2018,821
8/1/2018,833
8/2/2018,794
8/3/2018,806
8/4/2018,817
8/5/2018,825
8/6/2018,796
8/7/2018,798
8/8/2018,809
8/9/2018,831
8/10/2018,800
8/11/2018,797
8/12/2018,801
8/13/2018,809
8/14/2018,810
8/15/2018,800
8/16/2018,786
8/17/2018,797
8/18/2018,798
8/19/2018,802
8/20/2018,800
8/21/2018,805
8/22/2018,818
8/23/2018,805
8/24/2018,806
8/25/2018,784
8/26/2018,772
8/27/2018,790
8/28/2018,797
8/29/2018,791
8/30/2018,806
8/31/2018,807
9/1/2018,788
9/2/2018,777
9/3/2018,814
9/4/2018,808
9/5/2018,790
9/6/2018,778
9/7/2018,789
9/8/2018,791
9/9/2018,794
9/10/2018,781
9/11/2018,792
9/12/2018,790
9/13/2018,782
9/14/2018,788
9/15/2018,775
9/16/2018,794
9/17/2018,772
9/18/2018,781
9/19/2018,780
9/20/2018,808
9/21/2018,786
9/22/2018,785
9/23/2018,803
9/24/2018,788
9/25/2018,791
9/26/2018,779
9/27/2018,783
9/28/2018,794
9/29/2018,803
9/30/2018,787
10/1/2018,785
10/2/2018,785
10/3/2018,791
10/4/2018,794
10/5/2018,795
10/6/2018,793
10/7/2018,779
10/8/2018,819
10/9/2018,806
10/10/2018,794
10/11/2018,781
10/12/2018,787
10/13/2018,790
10/14/2018,788
10/15/2018,780
10/16/2018,801
10/17/2018,797
10/18/2018,787
10/19/2018,788
10/20/2018,798
10/21/2018,780
10/22/2018,797
10/23/2018,796
10/24/2018,796
10/25/2018,805
10/26/2018,780
10/27/2018,796
10/28/2018,805
10/29/2018,802
10/30/2018,770
10/31/2018,802
11/1/2018,805
11/2/2018,758
11/3/2018,801
11/4/2018,795
11/5/2018,802
11/6/2018,802
11/7/2018,794
11/8/2018,806
11/9/2018,818
11/10/2018,792
11/11/2018,791
11/12/2018,788
11/13/2018,811
11/14/2018,783
11/15/2018,805
11/16/2018,789
11/17/2018,806
11/18/2018,813
11/19/2018,799
11/20/2018,795
11/21/2018,803
11/22/2018,807
11/23/2018,821
11/24/2018,814
11/25/2018,805
11/26/2018,818
11/27/2018,797
11/28/2018,819
11/29/2018,816
11/30/2018,809
12/1/2018,807
12/2/2018,819
12/3/2018,821
12/4/2018,836
12/5/2018,817
12/6/2018,804
12/7/2018,805
12/8/2018,823
12/9/2018,811
12/10/2018,832
12/11/2018,812
12/12/2018,837
12/13/2018,824
12/14/2018,822
12/15/2018,832
12/16/2018,845
12/17/2018,837
12/18/2018,822
12/19/2018,833
12/20/2018,805
12/21/2018,835
12/22/2018,843
12/23/2018,818
12/24/2018,826
12/25/2018,831
12/26/2018,831
12/27/2018,847
12/28/2018,854
12/29/2018,839
12/30/2018,847
12/31/2018,839
1/1/2019,845
1/2/2019,851
1/3/2019,840
1/4/2019,842
1/5/2019,845
1/6/2019,855
1/7/2019,822
1/8/2019,850
1/9/2019,868
1/10/2019,849
1/11/2019,856
1/12/2019,860
1/13/2019,874
1/14/2019,863
1/15/2019,868
1/16/2019,867
1/17/2019,867
1/18/2019,857
1/19/2019,857
1/20/2019,855
1/21/2019,887
1/22/2019,856
1/23/2019,871
1/24/2019,863
1/25/2019,857
1/26/2019,866
1/27/2019,875
1/28/2019,849
1/29/2019,883
1/30/2019,875
1/31/2019,874
2/1/2019,870
2/2/2019,868
2/3/2019,874
2/4/2019,900
2/5/2019,875
2/6/2019,883
2/7/2019,879
2/8/2019,886
2/9/2019,873
2/10/2019,899
2/11/2019,874
2/12/2019,887
2/13/2019,890
2/14/2019,888
2/15/2019,894
2/16/2019,880
2/17/2019,890
2/18/2019,884
2/19/2019,910
2/20/2019,888
2/21/2019,871
2/22/2019,888
2/23/2019,880
2/24/2019,899
2/25/2019,874
2/26/2019,879
2/27/2019,872
2/28/2019,888
3/1/2019,870
3/2/2019,881
3/3/2019,888
3/4/2019,904
3/5/2019,892
3/6/2019,896
3/7/2019,887
3/8/2019,904
3/9/2019,892
3/10/2019,909
3/11/2019,885
3/12/2019,905
3/13/2019,874
3/14/2019,897
3/15/2019,885
3/16/2019,889
3/17/2019,898
3/18/2019,896
3/19/2019,894
3/20/2019,897
3/21/2019,910
3/22/2019,922
3/23/2019,898
3/24/2019,887
3/25/2019,888
3/26/2019,901
3/27/2019,889
3/28/2019,898
3/29/2019,891
3/30/2019,909
3/31/2019,893
4/1/2019,908
4/2/2019,897
4/3/2019,890
4/4/2019,902
4/5/2019,882
4/6/2019,899
4/7/2019,907
4/8/2019,912
4/9/2019,898
4/10/2019,893
4/11/2019,897
4/12/2019,908
4/13/2019,893
4/14/2019,902
4/15/2019,899
4/16/2019,910
4/17/2019,899
4/18/2019,905
4/19/2019,903
4/20/2019,913
4/21/2019,893
4/22/2019,896
4/23/2019,877
4/24/2019,882
4/25/2019,892
4/26/2019,900
4/27/2019,898
4/28/2019,902
4/29/2019,879
4/30/2019,889
5/1/2019,898
5/2/2019,881
5/3/2019,908
5/4/2019,886
5/5/2019,889
5/6/2019,897
5/7/2019,882
5/8/2019,909
5/9/2019,891
5/10/2019,885
5/11/2019,880
5/12/2019,887
5/13/2019,893
5/14/2019,910
5/15/2019,894
5/16/2019,886
5/17/2019,889
5/18/2019,891
5/19/2019,868
5/20/2019,888
5/21/2019,873
5/22/2019,877
5/23/2019,894
5/24/2019,905
5/25/2019,892
5/26/2019,875
5/27/2019,888
5/28/2019,890
5/29/2019,872
5/30/2019,877
5/31/2019,876
6/1/2019,847
6/2/2019,873
6/3/2019,874
6/4/2019,861
6/5/2019,881
6/6/2019,872
6/7/2019,864
6/8/2019,870
6/9/2019,867
6/10/2019,865
6/11/2019,868
6/12/2019,857
6/13/2019,865
6/14/2019,868
6/15/2019,853
6/16/2019,860
6/17/2019,863
6/18/2019,866
6/19/2019,855
6/20/2019,849
6/21/2019,857
6/22/2019,857
6/23/2019,874
6/24/2019,855
6/25/2019,857
6/26/2019,853
6/27/2019,859
6/28/2019,848
6/29/2019,852
6/30/2019,842
7/1/2019,857
7/2/2019,852
7/3/2019,855
7/4/2019,838
7/5/2019,838
7/6/2019,850
7/7/2019,840
7/8/2019,827
7/9/2019,839
7/10/2019,856
7/11/2019,846
7/12/2019,844
7/13/2019,832
7/14/2019,851
7/15/2019,827
7/16/2019,854
7/17/2019,841
7/18/2019,818
7/19/2019,832
7/20/2019,835
7/21/2019,831
7/22/2019,831
7/23/2019,821
7/24/2019,839
7/25/2019,833
7/26/2019,816
7/27/2019,833
7/28/2019,848
7/29/2019,824
7/30/2019,833
7/31/2019,818
8/1/2019,826
8/2/2019,840
8/3/2019,819
8/4/2019,827
8/5/2019,831
8/6/2019,822
8/7/2019,830
8/8/2019,826
8/9/2019,822
8/10/2019,803
8/11/2019,829
8/12/2019,804
8/13/2019,840
8/14/2019,820
8/15/2019,829
8/16/2019,821
8/17/2019,812
8/18/2019,819
8/19/2019,809
8/20/2019,826
8/21/2019,798
8/22/2019,816
8/23/2019,793
8/24/2019,794
8/25/2019,805
8/26/2019,824
8/27/2019,816
8/28/2019,815
8/29/2019,797
8/30/2019,786
8/31/2019,805
9/1/2019,806
9/2/2019,810
9/3/2019,802
9/4/2019,804
9/5/2019,806
9/6/2019,803
9/7/2019,804
9/8/2019,791
9/9/2019,805
9/10/2019,807
9/11/2019,814
9/12/2019,805
9/13/2019,797
9/14/2019,805
9/15/2019,807
9/16/2019,805
9/17/2019,794
9/18/2019,818
9/19/2019,815
9/20/2019,795
9/21/2019,810
9/22/2019,789
9/23/2019,795
9/24/2019,778
9/25/2019,790
9/26/2019,799
9/27/2019,798
9/28/2019,802
9/29/2019,790
9/30/2019,795
10/1/2019,791
10/2/2019,804
10/3/2019,814
10/4/2019,808
10/5/2019,801
10/6/2019,811
10/7/2019,800
10/8/2019,783
10/9/2019,817
10/10/2019,809
10/11/2019,799
10/12/2019,786
10/13/2019,806
10/14/2019,786
10/15/2019,805
10/16/2019,798
10/17/2019,800
10/18/2019,814
10/19/2019,811
10/20/2019,795
10/21/2019,788
10/22/2019,793
10/23/2019,795
10/24/2019,816
10/25/2019,807
10/26/2019,827
10/27/2019,821
10/28/2019,798
10/29/2019,801
10/30/2019,834
10/31/2019,800
11/1/2019,817
11/2/2019,808
11/3/2019,824
11/4/2019,810
11/5/2019,809
11/6/2019,807
11/7/2019,820
11/8/2019,827
11/9/2019,833
11/10/2019,808
11/11/2019,819
11/12/2019,819
11/13/2019,837
11/14/2019,809
11/15/2019,825
11/16/2019,816
11/17/2019,794
11/18/2019,815
11/19/2019,831
11/20/2019,817
11/21/2019,802
11/22/2019,816
11/23/2019,806
11/24/2019,840
11/25/2019,813
11/26/2019,818
11/27/2019,832
11/28/2019,826
11/29/2019,837
11/30/2019,842
12/1/2019,827
12/2/2019,832
12/3/2019,842
12/4/2019,825
12/5/2019,829
12/6/2019,834
12/7/2019,847
12/8/2019,837
12/9/2019,813
12/10/2019,858
12/11/2019,845
12/12/2019,836
12/13/2019,844
12/14/2019,844
12/15/2019,840
12/16/2019,842
12/17/2019,850
12/18/2019,848
12/19/2019,847
12/20/2019,856
12/21/2019,840
12/22/2019,852
12/23/2019,853
12/24/2019,834
12/25/2019,852
12/26/2019,864
12/27/2019,848
12/28/2019,856
12/29/2019,855
12/30/2019,862
12/31/2019,854
